%% This BibTeX bibliography file was created using BibDesk.
%% http://bibdesk.sourceforge.net/

%% Created for Alex Ring at 2016-12-11 10:55:17 -0700 


%% Saved with string encoding Unicode (UTF-8) 



@url{github,
	Author = {Alex Ring, Richard Dyer, Cameron Tierney, Joshua Zepf},
	Date-Added = {2016-12-11 17:50:31 +0000},
	Date-Modified = {2016-12-11 17:55:17 +0000},
	Keywords = {github},
	Title = {Project Github Repo},
	Url = {https://github.com/Djion/CSCI4830FinalProject}}

@url{vowpalWabbit,
	Author = {John Langford},
	Date-Added = {2016-12-11 17:47:23 +0000},
	Date-Modified = {2016-12-11 17:48:34 +0000},
	Keywords = {Vowpal Wabbit},
	Title = {Vowpal Wabbit},
	Url = {https://github.com/JohnLangford/vowpal_wabbit/wiki},
	Year = {2016}}

@url{sciKit,
	Author = {Scikit-learn},
	Date-Added = {2016-12-11 17:46:01 +0000},
	Date-Modified = {2016-12-11 17:53:34 +0000},
	Keywords = {Scikit SVM},
	Title = {Support Vector Machines},
	Url = {http://scikit-learn.org/stable/modules/svm.html},
	Year = {2016}}

@webpage{redditCite,
	Author = {Reddit},
	Date-Added = {2016-12-11 17:36:29 +0000},
	Date-Modified = {2016-12-11 17:45:26 +0000},
	Journal = {Reddit},
	Keywords = {Reddit},
	Title = {The converstation starts on Reddit},
	Url = {https://about.reddit.com/},
	Year = {2016}}
